@article{einstein1905,
  author  = {Einstein, Albert},
  title   = {Zur Elektrodynamik bewegter Körper},
  journal = {Annalen der Physik},
  volume  = {322},
  number  = {10},
  pages   = {891--921},
  year    = {1905},
  publisher = {Wiley Online Library}
}

@book{newton1687,
  author    = {Newton, Isaac},
  title     = {Philosophiæ Naturalis Principia Mathematica},
  year      = {1687},
  publisher = {Royal Society}
}